<?xml version="1.0" encoding="UTF-8"?><collection xmlns="http://www.loc.gov/MARC21/slim"><record><leader>00514nam--2200181-i-4500</leader><controlfield tag="001">000031435</controlfield><controlfield tag="002">20161230</controlfield><controlfield tag="005">20161230201038</controlfield><controlfield tag="008">060222s1000------------r-----000-0-eng-d</controlfield><datafield ind1=" " ind2=" " tag="040"><subfield code="a">IFIN-HH</subfield></datafield><datafield ind1=" " ind2=" " tag="080"><subfield code="a">539.143.43</subfield></datafield><datafield ind1="1" ind2=" " tag="100"><subfield code="a">Mcfarlane, W</subfield></datafield><datafield ind1="1" ind2="0" tag="245"><subfield code="a">Techniques of high resolution nuclear magnetic resonance spectroscopy</subfield><subfield code="c">W. mcfarlane, r.f.m. white</subfield></datafield><datafield ind1=" " ind2=" " tag="260"><subfield code="a">Cleveland, Ohio</subfield><subfield code="b">Crc Press</subfield><subfield code="c">1972</subfield></datafield><datafield ind1=" " ind2=" " tag="300"><subfield code="a">137P</subfield></datafield><datafield ind1="1" ind2=" " tag="700"><subfield code="a">White, R.F.M</subfield></datafield><datafield ind1=" " ind2=" " tag="852"><subfield code="a">42007</subfield><subfield code="c">539.143.43</subfield></datafield><datafield ind1=" " ind2=" " tag="CAT"><subfield code="a">Sys</subfield><subfield code="c">20120509</subfield><subfield code="h">121530</subfield></datafield></record></collection>